<?xml version="1.0" encoding="UTF-8"?><record xmlns="http://www.loc.gov/MARC21/slim" xmlns:cinclude="http://apache.org/cocoon/include/1.0" xmlns:zs="http://www.loc.gov/zing/srw/">
  <leader>00425cz  a2200133n  4500</leader>
  <controlfield tag="001">n  96013946 </controlfield>
  <controlfield tag="003">DLC</controlfield>
  <controlfield tag="005">19960215091635.8</controlfield>
  <controlfield tag="008">960214n| acannaab|          |a ana |||  </controlfield>
  <datafield tag="010" ind1=" " ind2=" ">
    <subfield code="a">n  96013946 </subfield>
  </datafield>
  <datafield tag="040" ind1=" " ind2=" ">
    <subfield code="a">DLC</subfield>
    <subfield code="c">DLC</subfield>
    <subfield code="d">DLC</subfield>
  </datafield>
  <datafield tag="110" ind1="1" ind2="0">
    <subfield code="a">Sweden.</subfield>
    <subfield code="t">Kommunallag (1991).</subfield>
    <subfield code="l">English</subfield>
  </datafield>
  <datafield tag="410" ind1="1" ind2="0">
    <subfield code="a">Sweden.</subfield>
    <subfield code="t">Swedish Local Government Act (1991)</subfield>
  </datafield>
  <datafield tag="670" ind1=" " ind2=" ">
    <subfield code="a">The Swedish Local Government Act, 1992:</subfield>
    <subfield code="b">p. 5 (SFS 1991:900 with amendment 1991:1774)</subfield>
  </datafield>
</record>